@misc{racingadvances,
author = {Stephen Edelstein},
howpublished = {\url{https://www.digitaltrends.com/cars/racing-tech-in-your-current-car/}},
title = {The technologies your car inherited from race cars},
year = {2019},
moth = {jun},
note = {Accessed: 02-17-2022}

}

@misc{simulators,
author = {Peter Nygaard},
howpublished = {\url{https://www.formula1.com/en/latest/article.how-simulators-took-drivers-to-portimao-before-the-portuguese-grand-prix.1dtmSRoL9IJQvqwVOodYdd.html}},
title = {How simulators took drivers to Portimao before the Portuguese Grand Prix},
year = {2020},
month = {oct},
note = {Accessed: 02-17-2022}
}

@misc{racingrules,
author = {Tom Martin},
howpublished = {\url{https://www.windingroad.com/articles/blogs/the-road-racers-guide-to-passing-etiquette/}},
title = {The Guide to Road Racing, Part 8: Passing Etiquette},
year = {2020},
moth = {sep},
note = {Accessed: 02-17-2022}

}

@misc{litreview,
    Author = {Johannes Betz and Hongrui Zheng and Alexander Liniger and Ugo Rosolia and Phillip Karle and Madhur Behl and Venkat Krovi and Rahul Mangharam},
    Title = {Autonomous Vehicles on the Edge: A Survey on Autonomous Vehicle Racing},
    Year = {2022},
    Eprint = {arXiv:2202.07008},
    }
    
    @INPROCEEDINGS{Hou2016,
  author={Hou, Jia-Hao and Wang, Tsaipei},
  booktitle={2016 Conference on Technologies and Applications of Artificial Intelligence (TAAI)}, 
  title={The development of a simulated car racing controller based on Monte-Carlo tree search}, 
  year={2016},
  volume={},
  number={},
  pages={104-109},
  doi={10.1109/TAAI.2016.7880111}}
  
  @inproceedings{Vazquez2020,
  doi = {10.1109/iros45743.2020.9341731},
  url = {https://doi.org/10.1109/iros45743.2020.9341731},
  year = {2020},
  month = oct,
  publisher = {{IEEE}},
  author = {Jose L. Vazquez and Marius Bruhlmeier and Alexander Liniger and Alisa Rupenyan and John Lygeros},
  title = {Optimization-Based Hierarchical Motion Planning for Autonomous Racing},
  booktitle = {2020 {IEEE}/{RSJ} International Conference on Intelligent Robots and Systems ({IROS})}
}

@inproceedings{Stahl2019_2,
  doi = {10.1109/itsc.2019.8917032},
  url = {https://doi.org/10.1109/itsc.2019.8917032},
  year = {2019},
  month = oct,
  publisher = {{IEEE}},
  author = {Tim Stahl and Alexander Wischnewski and Johannes Betz and Markus Lienkamp},
  title = {Multilayer Graph-Based Trajectory Planning for Race Vehicles in Dynamic Scenarios},
  booktitle = {2019 {IEEE} Intelligent Transportation Systems Conference ({ITSC})}
}

@article{Liniger2014,
  doi = {10.1002/oca.2123},
  url = {https://doi.org/10.1002/oca.2123},
  year = {2014},
  month = jul,
  publisher = {Wiley},
  volume = {36},
  number = {5},
  pages = {628--647},
  author = {Alexander Liniger and Alexander Domahidi and Manfred Morari},
  title = {Optimization-based autonomous racing of 1:43 scale {RC} cars},
  journal = {Optimal Control Applications and Methods}
}

@inproceedings{Anderson2016,
  doi = {10.1109/acc.2016.7525209},
  url = {https://doi.org/10.1109/acc.2016.7525209},
  year = {2016},
  month = jul,
  publisher = {{IEEE}},
  author = {Jeffery R. Anderson and Beshah Ayalew and T. Weiskircher},
  title = {Modeling a professional driver in ultra-high performance maneuvers with a hybrid cost {MPC}},
  booktitle = {2016 American Control Conference ({ACC})}
}

@inproceedings{Kalaria2021,
  url = {https://linklab-uva.github.io/icra-autonomous-racing/contributed_papers/paper8.pdf},
  year = {2021},
  publisher = {{IEEE}},
  author = {Dvij Kalaria and Parv Maheshwari and Animesh Jha and Arnesh Issar and Debashish Chakravarty and Sohel Anwar and Andres Tovar},
  title = {Local NMPC on Global Optimised Path for Autonomous Racing},
  booktitle = {2021 International Conference on Robotics and Automation (ICRA 2021) - Workshop Opportunities and Challenges With Autonomous Racing}
}

@article{Kloeser2020,
  doi = {10.1016/j.ifacol.2020.12.1376},
  url = {https://doi.org/10.1016/j.ifacol.2020.12.1376},
  year = {2020},
  publisher = {Elsevier {BV}},
  volume = {53},
  number = {2},
  pages = {14324--14329},
  author = {Daniel Kloeser and Tobias Schoels and Tommaso Sartor and Andrea Zanelli and Gianluca Prison and Moritz Diehl},
  title = {{NMPC} for Racing Using a Singularity-Free Path-Parametric Model with Obstacle Avoidance},
  journal = {{IFAC}-{PapersOnLine}}
}

@inproceedings{OKelly2020,
  doi = {10.1109/icra40945.2020.9197080},
  url = {https://doi.org/10.1109/icra40945.2020.9197080},
  year = {2020},
  month = may,
  publisher = {{IEEE}},
  author = {Matthew O{\textquotesingle}Kelly and Hongrui Zheng and Achin Jain and Joseph Auckley and Kim Luong and Rahul Mangharam},
  title = {{TUNERCAR}: A Superoptimization Toolchain for Autonomous Racing},
  booktitle = {2020 {IEEE} International Conference on Robotics and Automation ({ICRA})}
}

@article{Kabzan2019,
  doi = {10.1109/lra.2019.2926677},
  url = {https://doi.org/10.1109/lra.2019.2926677},
  year = {2019},
  month = oct,
  publisher = {Institute of Electrical and Electronics Engineers ({IEEE})},
  volume = {4},
  number = {4},
  pages = {3363--3370},
  author = {Juraj Kabzan and Lukas Hewing and Alexander Liniger and Melanie N. Zeilinger},
  title = {Learning-Based Model Predictive Control for Autonomous Racing},
  journal = {{IEEE} Robotics and Automation Letters}
}

@article{Remonda2021,
  author    = {Adrian Remonda and
               Sarah Krebs and
               Eduardo E. Veas and
               Granit Luzhnica and
               Roman Kern},
  title     = {Formula {RL:} Deep Reinforcement Learning for Autonomous Racing using
               Telemetry Data},
  journal   = {CoRR},
  volume    = {abs/2104.11106},
  year      = {2021},
  url       = {https://arxiv.org/abs/2104.11106},
  eprinttype = {arXiv},
  eprint    = {2104.11106},
  timestamp = {Tue, 27 Apr 2021 14:34:45 +0200},
  biburl    = {https://dblp.org/rec/journals/corr/abs-2104-11106.bib},
  bibsource = {dblp computer science bibliography, https://dblp.org}
}

@article{deBruin2018,
  doi = {10.1109/lra.2018.2800101},
  url = {https://doi.org/10.1109/lra.2018.2800101},
  year = {2018},
  month = jul,
  publisher = {Institute of Electrical and Electronics Engineers ({IEEE})},
  volume = {3},
  number = {3},
  pages = {1394--1401},
  author = {Tim de Bruin and Jens Kober and Karl Tuyls and Robert Babuska},
  title = {Integrating State Representation Learning Into Deep Reinforcement Learning},
  journal = {{IEEE} Robotics and Automation Letters}
}

@article{Liniger2020,
  doi = {10.1109/tcst.2019.2895282},
  url = {https://doi.org/10.1109/tcst.2019.2895282},
  year = {2020},
  month = may,
  publisher = {Institute of Electrical and Electronics Engineers ({IEEE})},
  volume = {28},
  number = {3},
  pages = {884--897},
  author = {Alexander Liniger and John Lygeros},
  title = {A Noncooperative Game Approach to Autonomous Racing},
  journal = {{IEEE} Transactions on Control Systems Technology}
}

@inproceedings{Li2021,
  url = {https://linklab-uva.github.io/icra-autonomous-racing/contributed_papers/paper2.pdf},
  year = {2021},
  publisher = {{IEEE}},
  author = {Nan Li and Eric Goubault and Laurent Pautet and Sylvie Putot},
  title = {Autonomous racecar control in head-to-head competition using Mixed-Integer Quadratic Programming},
  booktitle = {2021 International Conference on Robotics and Automation (ICRA 2021) - Workshop Opportunities and Challenges With Autonomous Racing}
}
@article{spica2020real,
  title={A real-time game theoretic planner for autonomous two-player drone racing},
  author={Spica, Riccardo and Cristofalo, Eric and Wang, Zijian and Montijano, Eduardo and Schwager, Mac},
  journal={IEEE Transactions on Robotics},
  volume={36},
  number={5},
  pages={1389--1403},
  year={2020},
  publisher={IEEE}
}
@inproceedings{Wang2019,
  author    = {Mingyu Wang and
               Zijian Wang and
               John Talbot and
               J. Christian Gerdes and
               Mac Schwager},
  editor    = {Antonio Bicchi and
               Hadas Kress{-}Gazit and
               Seth Hutchinson},
  title     = {Game Theoretic Planning for Self-Driving Cars in Competitive Scenarios},
  booktitle = {Robotics: Science and Systems XV, University of Freiburg, Freiburg
               im Breisgau, Germany, June 22-26, 2019},
  year      = {2019},
  url       = {https://doi.org/10.15607/RSS.2019.XV.048},
  doi       = {10.15607/RSS.2019.XV.048},
  timestamp = {Thu, 01 Apr 2021 15:25:13 +0200},
  biburl    = {https://dblp.org/rec/conf/rss/WangWTGS19.bib},
  bibsource = {dblp computer science bibliography, https://dblp.org}
}
@article{Wang2021,
  doi = {10.1109/tro.2020.3047521},
  url = {https://doi.org/10.1109/tro.2020.3047521},
  year = {2021},
  publisher = {Institute of Electrical and Electronics Engineers ({IEEE})},
  pages = {1--13},
  author = {Mingyu Wang and Zijian Wang and John Talbot and J. Christian Gerdes and Mac Schwager},
  title = {Game-Theoretic Planning for Self-Driving Cars in Multivehicle Competitive Scenarios},
  journal = {{IEEE} Transactions on Robotics}
}

@article{He2021,
  title={Competitive Car Racing with Multiple Vehicles using a Parallelized Optimization with Safety Guarantee},
  author={He, Suiyi and Zeng, Jun and Sreenath, Koushil},
  journal={arXiv preprint arXiv:2112.06435},
  year={2021}
}

@misc{weiss2020,
      title={DeepRacing: Parameterized Trajectories for Autonomous Racing},
      author={Trent Weiss and Madhur Behl},
      year={2020},
      eprint={2005.05178},
      archivePrefix={arXiv},
      note = {},
      primaryClass={cs.RO}
}

@misc{Song2021,
      title={Autonomous Overtaking in Gran Turismo Sport Using Curriculum Reinforcement Learning},
      author={Yunlong Song and HaoChih Lin and Elia Kaufmann and Peter Duerr and Davide Scaramuzza},
      year={2021},
      eprint={2103.14666},
      archivePrefix={arXiv},
      note = {},
      primaryClass={cs.RO}
}

@misc{Schwarting2021,
      title={Deep Latent Competition: Learning to Race Using Visual Control Policies in Latent Space},
      author={Wilko Schwarting and Tim Seyde and Igor Gilitschenski and Lucas Liebenwein and Ryan Sander and Sertac Karaman and Daniela Rus},
      year={2021},
      eprint={2102.09812},
      archivePrefix={arXiv},
      note = {},
      primaryClass={cs.LG}
}

@article{sonyai,
  title={Outracing champion Gran Turismo drivers with deep reinforcement learning},
  author={Wurman, Peter R and Barrett, Samuel and Kawamoto, Kenta and MacGlashan, James and Subramanian, Kaushik and Walsh, Thomas J and Capobianco, Roberto and Devlic, Alisa and Eckert, Franziska and Fuchs, Florian and others},
  journal={Nature},
  volume={602},
  number={7896},
  pages={223--228},
  year={2022},
  publisher={Nature Publishing Group}
}

@phdthesis{LinigerThesis,
author = {Alexander Liniger},
title = {Path Planning and Control for
Autonomous Racing},
publisher = {ETH Z\"{u}rich},
school = {ETH Z\"{u}rich},
year = {2018}
}

@inproceedings{Fisac2019,
  title={Hierarchical game-theoretic planning for autonomous vehicles},
  author={Fisac, Jaime F and Bronstein, Eli and Stefansson, Elis and Sadigh, Dorsa and Sastry, S Shankar and Dragan, Anca D},
  booktitle={2019 International Conference on Robotics and Automation (ICRA)},
  pages={9590--9596},
  year={2019},
  organization={IEEE}
}
@article{Moghadam2019,
  title={A hierarchical architecture for sequential decision-making in autonomous driving using deep reinforcement learning},
  author={Moghadam, Majid and Elkaim, Gabriel Hugh},
  journal={arXiv preprint arXiv:1906.08464},
  year={2019}
}
@article{Wongpiromsarn2012,
  title={Receding horizon temporal logic planning},
  author={Wongpiromsarn, Tichakorn and Topcu, Ufuk and Murray, Richard M},
  journal={IEEE Transactions on Automatic Control},
  volume={57},
  number={11},
  pages={2817--2830},
  year={2012},
  publisher={IEEE}
}

@InProceedings{prismgames,
author={M. Kwiatkowska and G. Norman and D. Parker and G. Santos},
title={{PRISM}-games 3.0: Stochastic Game Verification with Concurrency, Equilibria and Time},
booktitle={Proc. 32nd International Conference on Computer Aided Verification (CAV'20)},
year={2020},

editors={},
pages={475--487},
organization={},
publisher={Springer},
series={LNCS},
volume={12225},
address={},
month={},
note={},
key={}
}

@article{Shapley1953,
author = {L. S. Shapley},
title = {Stochastic Games*},
journal = {Proceedings of the National Academy of Sciences},
volume = {39},
number = {10},
pages = {1095-1100},
year = {1953},
doi = {10.1073/pnas.39.10.1095},
URL = {https://www.pnas.org/doi/abs/10.1073/pnas.39.10.1095},
eprint = {https://www.pnas.org/doi/pdf/10.1073/pnas.39.10.1095}}

@Article{Chen2013,
author={T. Chen and V. Forejt and M. Kwiatkowska and D. Parker and A. Simaitis},
title={Automatic Verification of Competitive Stochastic Systems},
journal={Formal Methods in System Design},
year={2013},

volume={43},
number={1},
pages={61--92},
publisher={Springer},
month={},
note={},
key={}
}

@inproceedings{mcts,
  title={Efficient selectivity and backup operators in Monte-Carlo tree search},
  author={Coulom, R{\'e}mi},
  booktitle={International conference on computers and games},
  pages={72--83},
  year={2006},
  organization={Springer}
}

@book{basar,
  title={Dynamic noncooperative game theory},
  author={Ba{\c{s}}ar, Tamer and Olsder, Geert Jan},
  year={1998},
  publisher={SIAM}
}

@misc{microkarting,
author = {Unity Technologies},
howpublished = {\url{https://assetstore.unity.com/packages/templates/karting-microgame-150956}},
title = {Unity Technologies Karting Microgame Template},
year = {2021},
note = {Accessed: 10-2021}
}

@article{mlagents,
  title={Unity: A general platform for intelligent agents},
  author={Juliani, Arthur and Berges, Vincent-Pierre and Teng, Ervin and Cohen, Andrew and Harper, Jonathan and Elion, Chris and Goy, Chris and Gao, Yuan and Henry, Hunter and Mattar, Marwan and others},
  journal={arXiv preprint arXiv:1809.02627},
  year={2018}
}

@article{poca,
  author={Andrew Cohen and Ervin Teng and Vincent-Pierre Berges and Ruo-Ping Dong and Hunter Henry and Marwan Mattar and Alexander Zook and Sujoy Ganguly},
  title={On the Use and Misuse of Absorbing States in Multi-agent Reinforcement Learning},
  year={2021},
  journal={arXiv preprint arXiv:2111.05992}
}

@inproceedings{coma,
  title={Counterfactual multi-agent policy gradients},
  author={Foerster, Jakob and Farquhar, Gregory and Afouras, Triantafyllos and Nardelli, Nantas and Whiteson, Shimon},
  booktitle={Proceedings of the AAAI conference on artificial intelligence},
  volume={32},
  year={2018}
}

